
@book{_special_subjects,
	title = {Special Subjects: Basic Color Theory: An introduction to color for beginning artists},
	author = {Mollica, P.},
	year = 2018,
	publisher = {Walter Foster Publishing},
	series = {How to Draw \& Paint},
	isbn = 9781633225909,
	url = {https://books.google.at/books?id=O9V7DwAAQBAJ}
}

@book{_line_color_form,
	title = {Line Color Form: The Language of Art and Design},
	author = {Day, J.},
	year = 2013,
	publisher = {Allworth},
	isbn = 9781621532446,
	url = {https://books.google.at/books?id=qFeHCgAAQBAJ}
}

@book{_drawing_basics_and_video_game_art,
	title = {Drawing Basics and Video Game Art: Classic to Cutting-Edge Art Techniques for Winning Video Game Design},
	author = {Solarski, C.},
	year = 2012,
	publisher = {Clarkson Potter/Ten Speed},
	isbn = 9780823098477,
	url = {https://books.google.at/books?id=ZcfFQXSsWNEC}
}

@online{_outlast,
	title = {Outlast},
	year = 2014,
	url = {https://redbarrelsgames.com/games/outlast/},
	language = {eng}
}

@online{_farbkontraste,
	title = {Farbkontraste},
	year = 2001,
	url = {http://www.tomatoco.de/valbers/kontrast1.html},
	language = {ger}
}

@online{_journey,
	title = {Journey},
	year = 2012,
	url = {https://www.playstation.com/de-at/games/journey/},
	language = {ger}
}

@book{_the_video_game_explosion,
	title = {The video game explosion: a history from PONG to Playstation and beyond},
	author = {Wolf, Mark JP},
	year = 2008,
	publisher = {ABC-CLIO}
}

@online{_super_mario_galaxy,
	title = {Super Mario Galaxy},
	year = 2007,
	url = {https://www.nintendo.at/Spiele/Wii/Super-Mario-Galaxy-283322.html},
	language = {ger}
}

@online{_leifi_physik,
	title = {Farben},
	year = 2023,
	url = {https://www.leifiphysik.de/optik/farben#:~:text=Spektralfarben,weiter%20in%20andere%20Farben%20zerlegen.},
	language = {ger}
}

@online{_leifi_physik_additive_farbmischung,
	title = {Additive Farbmsichung},
	year = 2023,
	url = {https://www.leifiphysik.de/optik/farben/grundwissen/additive-farbmischung},
	language = {ger}
}

@online{_leifi_physik_subtraktive_farbmischung,
	title = {Subtraktive Farbmsichung},
	year = 2023,
	url = {https://www.leifiphysik.de/optik/farben/grundwissen/subtraktive-farbmischung},
	language = {ger}
}

@online{_maler_michels,
	title = {Farbenpsychologie},
	url = {https://www.maler-michels.de/wohnraumdesign/farbpsychologie/#:~:text=Die%20Wirkung%20der%20Farben,Rot%2C%20Gelb%20und%20Orange%20anregend.},
	language = {ger}
}

@online{_farbkontraste_im_gaming,
	title = {Farbkontraste in Videospielen},
	url = {https://docplayer.org/74652557-Die-sieben-farbkontraste-im-gaming.html},
	language = {ger}
}

@online{_salierdruck,
	title = {CMYK und RGB},
	url = {https://www.salierdruck.de/rgb-cmyk},
	language = {ger}
}