@online{_farbprisma,
	title = {Farb Prisma},
	year = {2022},
	language = {ger},
	url = {https://biteye.at/GrafikdesignFarbeWeb/was-ist-farbe-und-woher-kommt-sie/licht-und-objektfarben.html}
}

@book{_basicColorTheory,
	title = {Special Subjects: Basic Color Theory: An introduction to color for beginning artists},
	author = {Patti Mollica},
	year = {2018},
	publisher = {Walter Foster Publishing},
	address = {Londin}
}

@book{mollica2018special,
	title={Special Subjects: Basic Color Theory: An introduction to color for beginning artists},
	author={Mollica, P.},
	isbn={9781633225909},
	series={How to Draw \& Paint},
	url={https://books.google.at/books?id=O9V7DwAAQBAJ},
	year={2018},
	publisher={Walter Foster Publishing}
}

@book{day2013line,
	title={Line Color Form: The Language of Art and Design},
	author={Day, J.},
	isbn={9781621532446},
	lccn={2013004510},
	url={https://books.google.at/books?id=qFeHCgAAQBAJ},
	year={2013},
	publisher={Allworth}
}

@book{solarski2012drawing,
	title={Drawing Basics and Video Game Art: Classic to Cutting-Edge Art Techniques for Winning Video Game Design},
	author={Solarski, C.},
	isbn={9780823098477},
	lccn={2011046341},
	url={https://books.google.at/books?id=ZcfFQXSsWNEC},
	year={2012},
	publisher={Clarkson Potter/Ten Speed}
}

@online{Journey1,
	title = {Journey},
	year = {2012},
	language = {ger},
	url = {https://www.google.com/url?sa=i&url=https%3A%2F%2Fwww.playstation.com%2Fde-at%2Fgames%2Fjourney%2F&psig=AOvVaw1JoESIssZ1yr5TxiBcvQYi&ust=1676449048108000&source=images&cd=vfe&ved=0CBAQjRxqFwoTCOiBpd7JlP0CFQAAAAAdAAAAABAq}
}

@online{Outlast,
	title = {Outlast},
	year = {2014},
	language = {eng},
	url = {https://redbarrelsgames.com/games/outlast/}
}

@online{Farbkontraste,
	title = {Farbkontraste},
	year = {2001},
	language = {ger},
	url = {http://www.tomatoco.de/valbers/kontrast1.html}
}

@book{Wol08,
	added-at = {2009-01-30T10:36:09.000+0100},
	address = {{Westport/London}},
	biburl = {https://www.bibsonomy.org/bibtex/283c13cf53879f69e5f97368fd0ebc0ae/dmaus},
	editor = {Wolf, Mark J. P.},
	interhash = {2237342ca8f36af4d713e4c2735c4450},
	intrahash = {83c13cf53879f69e5f97368fd0ebc0ae},
	keywords = {technologie videogames},
	lccn = {Wol08},
	publisher = {Greenwood Press},
	timestamp = {2009-01-30T10:36:09.000+0100},
	title = {The Video Game Explosion: A History from Pong to Playstation and Beyond},
	year = 2008
}
