@online{_vrview,
	title = {Virtual reality sickness 'tackled with field of view trick'},
	year = 2016,
	url = {https://www.bbc.com/news/technology-36550369},
	language = {eng}
}

@online{_geoTopo,
	title = {Geometry Topology},
	year = 2020,
	url = {https://cs184.eecs.berkeley.edu/sp19/lecture/8-15/meshes-and-geometry-processing},
	language = {eng}
}

@online{_cyberpunk_article,
	title = {CD Projekt refunded 30K copies of Cyberpunk 2077 out of 13M},
	year = 2021,
	url = {https://www.polygon.com/2021/4/22/22398340/cd-projekt-red-april-2021-investors-call-refund-details-costs},
	language = {eng}
}

@online{_meshResolution,
	title = {Grundlegende Prinzipien Der Low-Poly-Modellierung},
	year = 2021,
	url = {https://3dcoat.com/de/articles/article/basic-principles-of-low-poly-modeling/},
	language = {ger}
}

@online{_textureExample,
	title = {Textures and Samplers in Metal},
	year = 2014,
	url = {https://metalbyexample.com/textures-and-samplers/},
	language = {eng}
}

@online{_textureTypes,
	title = {Different maps in PBR Textures},
	year = 2023,
	url = {https://www.a23d.co/blog/different-maps-in-pbr-textures/},
	language = {eng}
}

@online{_different_types_of_shading,
	title = {Diffrent Types of Shading},
	year = 2015,
	url = {https://blog.csdn.net/silangquan/article/details/45629299},
	language = {chn}
}

@online{_bumpNormal,
	title = {Whatâ€™s the difference between Bump Maps, Normal Maps and Height Maps?},
	year = 2023,
	url = {https://docs.unity3d.com/Manual/StandardShaderMaterialParameterNormalMap.html},
	language = {eng}
}

@online{_guide_to_Build_3D_Character,
	title = {A Guide to Building a 3D Game Character},
	year = 2017,
	url = {https://www.theseus.fi/bitstream/handle/10024/133905/Heikkila_Elisabet.pdf},
	language = {eng}
}

@mastersthesis{_stylisedArt,
	title = {3D Modeling Pipeline for Games Work Methods for Low Poly Models with	Hand Painted Textures},
	author = {Ana Catarina Fonseca},
	year = 2018,
	school = {Tampere University of Applied Sciences}
}

@book{_3DGameTextures,
	title = {3D Game Textures: Create Professional Game Art Using Photoshop},
	author = {Ahearn, L.},
	year = 2016,
	publisher = {CRC Press},
	isbn = 9781351859776,
	url = {https://books.google.li/books?id=qmkNDgAAQBAJ}
}

@book{_unity_game_optimization,
	title = {Unity Game Optimization - Enhance and extend the performance of all aspects of your Unity games, 3rd Edition},
	author = {Aversa, Dr. Davide AND Dickinson, Chris},
	year = 2019,
	publisher = {Packt Publishing Ltd},
	address = {Birmingham},
	isbn = {978-1-838-55229-9}
}

@book{_advances,
	title = {Advances in Data and Information Sciences - Proceedings of ICDIS 2019},
	author = {Kolhe, Mohan L. AND Tiwari, Shailesh AND Trivedi, Munesh C. AND Mishra, Krishn K.},
	year = 2020,
	publisher = {Springer Nature},
	address = {Singapore},
	isbn = {978-9-811-50694-9},
	edition = {}
}

@article{_the_essential_guide_to_3D,
	title = {The Essential Guide to 3D in Flash},
	author = {Bateman, Rob and Olsson, Richard},
	year = 2010,
	month = {01},
	pages = {},
	doi = {10.1007/978-1-4302-2542-3},
	isbn = {978-1-4302-2541-6}
}

@book{_3d_game_textures,
	title = {3D Game Textures - Create Professional Game Art Using Photoshop},
	author = {Ahearn, Luke},
	year = 2016,
	publisher = {CRC Press, Taylor \& Francis Group},
	address = {Chapman and Hall/CRC, London},
	isbn = {978-1-138-92006-4},
	edition = {}
}

@inproceedings{_3d_modeling_pipline,
	title = {3D modeling pipeline for games : work methods for low poly models with hand painted textures},
	author = {Ana Gomes Sarmento Da Fonseca},
	year = 2018
}

@book{_the_complete_guide_to_blender,
	title = {The Complete Guide to Blender Graphics - Computer Modeling \& Animation, Fourth Edition},
	author = {Blain, John M.},
	year = 2017,
	publisher = {CRC Press},
	address = {Boca Raton, Fla},
	isbn = {978-1-351-62282-0},
	edition = {}
}

@article{_highpoly_to_lowpoly,
	title = {High poly to low poly workflows for real-time rendering},
	author = {Webster, Nicky},
	year = 2017,
	month = {01},
	journal = {Journal of Visual Communication in Medicine},
	volume = 40,
	pages = {40--47},
	doi = {10.1080/17453054.2017.1313682}
}

Nicht verwendet:
@online{_cyberpunk,
	title = {overpromise, sell, underdeliver Cyberpunk 2077},
	year = 2020,
	url = {https://www.youtube.com/watch?v=omyoJ7onNrg&t=1613s&ab_channel=Crowbcat},
	language = {eng}
}
