@online{_polygons,
	title = {Polygone},
	year = {2007},
	language = {eng},
	url = {https://de.wikipedia.org/wiki/Polygon#/media/Datei:Assorted_polygons.svg}
}

@online{_mario,
	title = {Mario},
	year = {2020},
	language = {eng},
	url = {https://www.thegamer.com/reasons-nintendo-super-mario-odyssey-better-worse-mario64/a}
}

@online{_vrview,
	title = {Virtual reality sickness 'tackled with field of view trick'},
	year = {2016},
	language = {eng},
	url = {https://www.bbc.com/news/technology-36550369}
}

@online{_geoTopo,
	title = {Geometry_Topology},
	year = {2020},
	language = {eng},
	url = {https://cs184.eecs.berkeley.edu/sp19/lecture/8-15/meshes-and-geometry-processing}
}

@online{_cyberpunk,
	title = {overpromise, sell, underdeliver Cyberpunk 2077},
	year = {2020},
	language = {eng},
	url = {https://www.youtube.com/watch?v=omyoJ7onNrg&t=1613s&ab_channel=Crowbcat}
}

@online{_cyberpunkArticle,
	title = {CD Projekt refunded 30K copies of Cyberpunk 2077 out of 13M},
	year = {2021},
	language = {eng},
	url = {https://www.polygon.com/2021/4/22/22398340/cd-projekt-red-april-2021-investors-call-refund-details-costs}
}

@online{_meshResolution,
	title = {Grundlegende Prinzipien Der Low-Poly-Modellierung},
	year = {2021},
	language = {ger},
	url = {https://3dcoat.com/de/articles/article/basic-principles-of-low-poly-modeling/}
}

@online{_textureExample,
	title = {Textures and Samplers in Metal},
	year = {2014},
	language = {eng},
	url = {https://metalbyexample.com/textures-and-samplers/}
}

@online{_textureTypes,
	title = {Different maps in PBR Textures},
	language = {eng},
	url = {https://www.a23d.co/blog/different-maps-in-pbr-textures/}
}

@online{_shading,
	title = {Diffrent Types of Shading},
	year = {2015},
	language = {chn},
	url = {https://blog.csdn.net/silangquan/article/details/45629299}
}

\@online{_bumpnNormal,
	title = {Whatâ€™s the difference between Bump Maps, Normal Maps and Height Maps?},
	year = {2023},
	language = {eng},
	url = {https://docs.unity3d.com/Manual/StandardShaderMaterialParameterNormalMap.html}
}

@mastersthesis{_stylisedArt,
	author = {Ana Catarina Fonseca},
	title = {3D Modeling Pipeline for Games Work Methods for Low Poly Models with	Hand Painted Textures},
	school = {Tampere University of Applied Sciences},
	year = {2018}
}

@book{_3DGameTextures,
	title = {3D Game Textures: Create Professional Game Art Using Photoshop},
	author = {Ahearn, L.},
	isbn = {9781351859776},
	url = {https://books.google.li/books?id=qmkNDgAAQBAJ},
	year = {2016},
	publisher = {CRC Press}
}

@BOOK{_unity_game_optimization,
	AUTHOR = {Aversa, Dr. Davide AND Dickinson, Chris},
	YEAR = {2019},
	TITLE = {Unity Game Optimization - Enhance and extend the performance of all aspects of your Unity games, 3rd Edition},
	EDITION = {},
	ISBN = {978-1-838-55229-9},
	PUBLISHER = {Packt Publishing Ltd},
	ADDRESS = {Birmingham}
}

@BOOK{_the_complete_guide_to_blender,
	AUTHOR = {Blain, John M.},
	YEAR = {2017},
	TITLE = {The Complete Guide to Blender Graphics - Computer Modeling \& Animation, Fourth Edition},
	EDITION = {},
	ISBN = {978-1-351-62282-0},
	PUBLISHER = {CRC Press},
	ADDRESS = {Boca Raton, Fla}
}

@BOOK{_3d_game_textures,
	AUTHOR = {Ahearn, Luke},
	YEAR = {2016},
	TITLE = {3D Game Textures - Create Professional Game Art Using Photoshop},
	EDITION = {},
	ISBN = {978-1-138-92006-4},
	PUBLISHER = {CRC Press, Taylor \& Francis Group},
	ADDRESS = {Chapman and Hall/CRC, London}
}

@BOOK{_advances,
	AUTHOR = {Kolhe, Mohan L. AND Tiwari, Shailesh AND Trivedi, Munesh C. AND Mishra, Krishn K.},
	YEAR = {2020},
	TITLE = {Advances in Data and Information Sciences - Proceedings of ICDIS 2019},
	EDITION = {},
	ISBN = {978-9-811-50694-9},
	PUBLISHER = {Springer Nature},
	ADDRESS = {Singapore}
}

@article{_the_essential_guide_to_3D,
	author = {Bateman, Rob and Olsson, Richard},
	year = {2010},
	month = {01},
	pages = {},
	title = {The Essential Guide to 3D in Flash},
	isbn = {978-1-4302-2541-6},
	doi = {10.1007/978-1-4302-2542-3}
}

@article{_highpoly_to_lowpoly,
	author = {Webster, Nicky},
	year = {2017},
	month = {01},
	pages = {40-47},
	title = {High poly to low poly workflows for real-time rendering},
	volume = {40},
	journal = {Journal of Visual Communication in Medicine},
	doi = {10.1080/17453054.2017.1313682}
}

@inproceedings{_3d_modeling_pipline,
	title={3D modeling pipeline for games : work methods for low poly models with hand painted textures},
	author={Ana Gomes Sarmento Da Fonseca},
	year={2018}
}