@inproceedings{_natural_interaction_in_augmented_reality_context,
	title = {Natural Interaction in Augmented Reality Context.},
	author = {Aliprantis, John and Konstantakis, Markos and Nikopoulou, Rozalia and Mylonas, Phivos and Caridakis, George},
	year = 2019,
	booktitle = {VIPERC\@IRCDL},
	publisher = {CEUR-WS.org},
	series = {CEUR Workshop Proceedings},
	volume = 2320
}

@book{_theory_of_cooperative_games,
	title = {Introduction to the theory of cooperative games},
	author = {Peleg, {Bezalel} and Sudh√∂lter, {Peter}},
	year = 2003,
	publisher = {Kluwer Acad. Publ.},
	address = {Boston, Mass. [u.a.]},
	series = {Theory and decision library},
	isbn = 1402074107
}

@book{_theory_of_fun,
	title = {A Theory of Fun for Game Design},
	author = {Koster, Raph},
	year = 2005,
	publisher = {Paraglyph Press},
	address = {Scottsdale, Arizona},
	keywords = {design fun fundamentals game theory}
}

@book{_art_of_gamedesign,
	title = {The Art of Game Design: A book of lenses},
	author = {Schell, Jesse},
	year = 2008,
	publisher = {Taylor \& Francis},
	isbn = 9780123694966,
	keywords = {design game}
}

@inproceedings{_mda,
	title = {{MDA}: A Formal Approach to Game Design and Game Research},
	author = {Hunicke, Robin and LeBlanc, Marc and Zubek, Robert},
	year = 2004,
	booktitle = {Challenges in Game Artificial Intelligence --- Papers from the 2004 AAAI Workshop},
	publisher = {American Association for Artificial Intelligence},
	address = {Menlo Park, CA},
	number = {WS-04-04},
	isbn = {978-1-57735-205-1},
	url = {http://www.aaai.org/Library/Workshops/2004/ws04-04-001.php},
	editor = {Fu, Dan and Henke, Stottler and Orkin, Jeff}
}

@inproceedings{_what_is_fun,
	title = {What is fun?},
	author = {Bogost, Ian},
	year = 2012,
	booktitle = {IGIC},
	publisher = {IEEE},
	isbn = {978-1-4673-1359-9}
}

@book{_flow,
	title = {Flow: the psychology of optimal experience},
	author = {Csikszentmihalyi, Mihaly},
	year = 1990,
	publisher = {Harper Collins},
	keywords = {imported}
}

@article{_fun_is_more_fun,
	title = {Fun Is More Fun When Others Are Involved},
	author = {Reis, Harry and O'Keefe, Stephanie and Lane, Richard},
	year = 2016,
	month = {08},
	journal = {The Journal of Positive Psychology},
	volume = 12
}

@article{_bitkom_vr,
	title = {Fact Sheet: Augmented Reality (AR)	and Virtual Reality (VR) 2021/22},
	author = {Bitcom},
	year = 2021,
	journal = {Bitkom},
	url = {https://www.bitkom.org/sites/default/files/2021-10/211005_ct_fact-sheet_ar-vr.pdf}
}

@book{_gamemechanics_for_cooperative_games,
	title = {Game Mechanics for Cooperative Games},
	author = {Rocha, Jos\'{e} and Mascarenhas, Samuel and Prada, Rui},
	year = 2008,
	month = {01}
}

@inbook{_fun,
	title = {What Is Fun?},
	author = {McKee, Alan},
	year = 2016,
	booktitle = {FUN!: What Entertainment Tells Us About Living a Good Life},
	publisher = {Palgrave Macmillan UK},
	address = {London},
	isbn = {978-1-137-49179-4}
}

@article{_putting_the_fun_factor_into_gaming,
	title = {Putting the fun factor into gaming: The influence of social contexts on the experiences of playing videogames},
	author = {Kaye, Linda K and Jo Bryce},
	year = 2012,
	journal = {International Journal of Internet Science},
	volume = 7,
	number = 1,
	language = {English}
}

@online{_shared_or_splitscreen_preference,
	title = {R/localmultiplayergames - shared screen or split screen. what do you prefer?},
	year = 2021,
	month = {Feb},
	url = {https://www.reddit.com/r/localmultiplayergames/comments/laud53/shared\%5Fscreen\%5For\%5Fsplit\%5Fscreen\%5Fwhat\%5Fdo\%5Fyou\%5Fprefer/}
}

@online{_the_level_design_book,
	title = {Pacing - The Level Design Book},
	year = 2023,
	url = {https://book.leveldesignbook.com/process/preproduction/pacing}
}

@online{_competition_vs_cooperation,
	title = {Competition vs. Cooperation in Games},
	year = 2022,
	url = {https://www.ab-lab.org/competition-vs-cooperation.html}
}

@book{_game_design_workshop,
	title = {Game Design Workshop: A Playcentric Approach to Creating Innovative Games},
	author = {Fullerton, T. and Safari, an O'Reilly Media Company},
	year = 2014,
	publisher = {CRC P.},
	isbn = 9780429188015
}

@misc{_acron_reviews,
	title = {Acron: Attack of the Squirrels! Steam Reviews},
	year = 2023,
	url = {https://steamcommunity.com/app/1094870/reviews?filterLanguage=default\&p=1\&browsefilter=mostrecent}
}

@misc{_internal_attribution,
	title = {User research: Why players love game that makes them frustrated},
	author = {Game Developer},
	year = 2021,
	month = {Aug},
	url = {https://www.gamedeveloper.com/business/user-research-why-players-love-game-that-makes-them-frustrated}
}

@misc{_oxford_dict,
	title = {Oxford English dictionary},
	year = 2022,
	language = {eng}
}

@inproceedings{_balancing_asymmetric_video_games,
	title = {Automated game balancing of asymmetric video games},
	author = {Beau, Philipp and Bakkes, Sander},
	year = 2016,
	booktitle = {2016 IEEE Conference on Computational Intelligence and Games (CIG)}
}
