@online{_steam_hardware,
	title = {Steam Hardware Survey},
	year = 2022,
	url = {https://web.archive.org/web/20221102113614/https://store.steampowered.com/hwsurvey/Steam-Hardware-Software-Survey-Welcome-to-Steam},
	language = {eng},
	urldate = {2023-3-15} 
}

@online{_cryengine_culling,
	title = {Culling Explanation},
	year = 2022,
	url = {https://docs.cryengine.com/display/SDKDOC4/Culling+Explained},
	language = {eng},
	urldate = {2023-3-15}  
}

@online{_culling,
	title = {Culling Image},
	year = 2022,
	url = {https://techpubs.jurassic.nl/manuals/nt/developer/Optimizer_PG/sgi_html/ch05.html},
	language = {eng},
	urldate = {2023-3-15} 
}

@online{_staticCollider,
	title = {Static and Dynamic Collider},
	year = 2022,
	url = {https://docs.unity3d.com/Manual/CollidersOverview.html},
	language = {eng},
	urldate = {2023-3-15} 
}

@online{_lod_formeshes,
	title = {Level of Detail for Meshes},
	year = 2022,
	url = {https://docs.unity3d.com/Manual/LevelOfDetail.html},
	language = {eng},
	urldate = {2023-3-15} 
}

@online{_steam_davigo,
	title = {Davigo Steam Store Page},
	year = 2022,
	url = {https://store.steampowered.com/app/1116540/DAVIGO/},
	language = {eng},
	urldate = {2023-3-15} 
}

@online{_steam_keeptalking,
	title = {Keep Talking and Nobody Explodes Steam Store Page},
	year = 2022,
	url = {https://store.steampowered.com/app/341800/Keep_Talking_and_Nobody_Explodes/},
	language = {eng},
	urldate = {2023-3-15} 
}

@online{_steam_carly,
	title = {Carly and the Reaperman Steam Store Page},
	year = 2022,
	url = {https://store.steampowered.com/app/547480/Carly_and_the_Reaperman__Escape_from_the_Underworld/},
	language = {eng},
	urldate = {2023-3-15} 
}

@online{_drawcallbatching,
	title = {Draw Call Batching Unity Docs},
	year = 2017,
	url = {https://docs.unity3d.com/Manual/DrawCallBatching.html},
	language = {eng},
	urldate = {2023-3-15} 
}

@online{_objectpooling,
	title = {Object Pooling Unity},
	year = 2021,
	url = {https://learn.unity.com/tutorial/introduction-to-object-pooling#},
	language = {eng},
	urldate = {2023-3-15} 
}

@online{_vr_linde,
	title = {Is Your Frame Rate Affecting Your VR Experience?},
	year = 2022,
	url = {https://web.archive.org/web/20221129092545/https://vr.linde.com/2022/10/06/is-your-frame-rate-affecting-your-vr-experience/},
	language = {eng},
	urldate = {2023-3-15} 
}

@book{_dickinson2015unity,
	title = {Unity 5 Game Optimization},
	author = {Dickinson, C.},
	year = 2015,
	publisher = {Packt Publishing},
	series = {Community experience distilled},
	isbn = 9781785884580,
	url = {https://books.google.at/books?id=1ngujwEACAAJ},
 
}

@book{_vr_quovadis,
	title = {Virtual Reality – Quo Vadis? How to Address the Complete Audience of an Emerging Technology (Full Paper)},
	author = {Sieß, Andreas and Beuck, Sandra and Wölfel, Matthias},
	year = 2017,
	month = {09},
	language = {eng}
}

@book{_motionsickness,
	title = {Motion Sickness Symptomatology and Origins},
	author = {Lawson, Ben},
	year = 2014,
	month = {09},
	pages = {531--600},
	doi = {10.1201/b17360-29}
}
