Simon Buketits

@online{_steam_hardware,
	title = {Steam Hardware Survey},
	year = {2022},
	language = {eng},
	url = {https://web.archive.org/web/20221102113614/https://store.steampowered.com/hwsurvey/Steam-Hardware-Software-Survey-Welcome-to-Steam},
}

@online{_cryengine_culling,
	title = {Culling Explanation},
	year = {2022},
	language = {eng},
	url = {https://docs.cryengine.com/display/SDKDOC4/Culling+Explained},
}

@online{_culling,
	title = {Culling Image},
	year = {2022},
	language = {eng},
	url = {https://techpubs.jurassic.nl/manuals/nt/developer/Optimizer_PG/sgi_html/ch05.html},
}

@online{_staticCollider,
	title = {Static and Dynamic Collider},
	year = {2022},
	language = {eng},
	url = {https://docs.unity3d.com/Manual/CollidersOverview.html},
}

@online{_lod_formeshes,
	title = {Level of Detail for Meshes},
	year = {2022},
	language = {eng},
	url = {https://docs.unity3d.com/Manual/LevelOfDetail.html},
}

@online{_steam_davigo,
	title = {Davigo Steam Store Page},
	year = {2022},
	language = {eng},
	url = {https://store.steampowered.com/app/1116540/DAVIGO/},
}

@online{_steam_keeptalking,
	title = {Keep Talking and Nobody Explodes Steam Store Page},
	year = {2022},
	language = {eng},
	url = {https://store.steampowered.com/app/341800/Keep_Talking_and_Nobody_Explodes/},
}

@online{_steam_carly,
	title = {Carly and the Reaperman Steam Store Page},
	year = {2022},
	language = {eng},
	url = {https://store.steampowered.com/app/547480/Carly_and_the_Reaperman__Escape_from_the_Underworld/},
}

@online{_drawcallbatching,
	title = {Draw Call Batching Unity Docs},
	year = {2017},
	language = {eng},
	url = {https://docs.unity3d.com/Manual/DrawCallBatching.html},
}

@online{_objectpooling,
	title = {Object Pooling Unity},
	year = {2021},
	language = {eng},
	url = {https://learn.unity.com/tutorial/introduction-to-object-pooling#},
}

@online{_vr_linde,
	title = {Is Your Frame Rate Affecting Your VR Experience?},
	year = {2022},
	language = {eng},
	url = {https://web.archive.org/web/20221129092545/https://vr.linde.com/2022/10/06/is-your-frame-rate-affecting-your-vr-experience/},
}

@book{dickinson2015unity,
	title={Unity 5 Game Optimization},
	author={Dickinson, C.},
	isbn={9781785884580},
	series={Community experience distilled},
	url={https://books.google.at/books?id=1ngujwEACAAJ},
	year={2015},
	publisher={Packt Publishing},
}


@INPROCEEDINGS{_vr_quovadis,
	title = {Virtual Reality – Quo Vadis? How to Address the Complete Audience of an Emerging Technology (Full Paper)},
	author = {Sieß, Andreas and Beuck, Sandra and Wölfel, Matthias},
	year = {2017},
	month = {09},
	language = {eng},
}
@book{_motionsickness,
	author = {Lawson, Ben},
	year = {2014},
	month = {09},
	pages = {531-600},
	title = {Motion Sickness Symptomatology and Origins},
	doi = {10.1201/b17360-29},
}
