
@book{meyers_effective_2005,
	address = {Upper Saddle River, NJ},
	edition = {3rd ed},
	series = {Addison-{Wesley} professional computing series},
	title = {Effective {C}++: 55 specific ways to improve your programs and designs},
	isbn = {978-0-321-33487-9},
	shorttitle = {Effective {C}++},
	publisher = {Addison-Wesley},
	author = {Meyers, Scott},
	year = {2005},
	keywords = {C++ (Computer program language)}
}