@online{_steam_hardware,
	title = {Steam Hardware Survey},
	year = {2022},
	language = {eng},
	 url = {https://web.archive.org/web/20221102113614/https://store.steampowered.com/hwsurvey/Steam-Hardware-Software-Survey-Welcome-to-Steam},
}

@book{_basicColorTheory,
	title     = {Special Subjects: Basic Color Theory: An introduction to color for beginning artists},
	author    = {Patti Mollica},
	year      = {2018},
	publisher = {Walter Foster Publishing},
	address   = {Kalifornien},
}